@article{einstein,
    author =       "Albert Einstein",
    title =        "{Zur Elektrodynamik bewegter K{\"o}rper}. ({German})
        [{On} the electrodynamics of moving bodies]",
    journal =      "Annalen der Physik",
    volume =       "322",
    number =       "10",
    pages =        "891--921",
    year =         "1905"
}
 
@book{latexcompanion,
    author    = "Michel Goossens and Frank Mittelbach and Alexander Samarin",
    title     = "The \LaTeX\ Companion",
    year      = "1993",
    publisher = "Addison-Wesley",
    address   = "Reading, Massachusetts"
}
 
@misc{engardewebsite,
    author    = "{Engarde Escrime}",
    title     = "Functionalities of the 3 versions of Engarde",
    year	  = "undated",
    url       = "http://engarde-escrime.com/siteTemplate.php?lang=en&page=Engarde3Versions.php",
    note      = "[Accessed Feb 4, 2016]"
}

@misc{fencingtimewebsite,
    author    = "{Fencing Time}",
    title     = "Fencing Time Features",
    year	  = "undated",
    url       = "https://www.fencingtime.com/Home/Features",
    note      = "[Accessed Feb 4, 2016]"
}

@book{bf-comp-guide,
	title	= "Competitive Fencing",
	author	= "{British Fencing}",
	url		= "http://www.surreyfencing.com/files/BFA_Competitive_Fencing_Guide_Nov2010.pdf",
	year	= "2010",
	note    = "[Accessed Feb 3, 2016]"
}

@misc{pottsemail20160202,
    author    = "Steve Potts",
    title     = "Adding Fencing to SportsML",
    year	  = "2016",
    note      = "[email]"
}

@misc{ferveemail20160203,
    author    = "Jean F\`{e}vre",
    title     = "Adding Fencing to SportsML",
    year	  = "2016",
    note      = "[email]"
}